@book{bio,
  title={Campbell Biology},
  author={Reece, J. B. and Urry, L. A. and Cain, M. L. and Wasserman, S. A. and Minorsky, P. V. and Jackson, R. B.},
  isbn={9780321558237},
  year={2011},
  location={San Francisco},
  edition={9},
  pubstate={CA},
  chapter={52},
  pages={1224},
  publisher={Pearson Benjamin Cummings}
}
@online{wikipedia,
    title={Eutrophication},
    url={https://en.wikipedia.org/wiki/Eutrophication},
    year={2018}
}
@article{china,
    author={Yang, Xiao-e and Wu, Xiang and Hao, Hu-lin and He, Zhen-li},
    title={Mechanisms and assessment of water eutrophication},
    journaltitle={Journal of Zhejiang University SCIENCE B},
    year={2008},
    doi={10.1631/jzus.B0710626},
    pages={197-209},
    url={https://www.ncbi.nlm.nih.gov/pmc/articles/PMC2266883/}
    }
@article{china2,
	author={Wang, Li and Wang, Xiaoyi and Jin, Xuebo and Xu, Jiping and Zhang, Huiyan and Yu, Jiabin and Gao, Chong and Wang, Lingbin},
	title={Analysis of algae growth mechanism and waterbloom prediction under the effect of multi-affecting factor},
	journaltitle={Saudi Journal of Biological Sciences},
	pages={556-562},
	year={2017},
	url={https://www.sciencedirect.com/science/article/pii/S1319562X17300359},
	doi={10.1016/j.sjbs.2017.01.026}
}